@thesis{Anderson2000,
  author  = {Anderson, A.R.},
  title   = {Caffeine Effects on Different Levels of Attention},
  school  = {Southern Illinois University},
  type    = {Honors thesis},
  year    = {2000},
  note    = {Publication no. 11942},
  url     = {https://opensiuc.lib.siu.edu/cgi/viewcontent.cgi?article=1007&context=uhp_theses}
}

@article{Frozi2018,
  author  = {Frozi, J. and de Carvalho, H.W. and Ottoni, G.L. and Cunha, R.A. and Lara, D.R.},
  title   = {Distinct sensitivity to caffeine-induced insomnia related to age},
  journal = {J Psychopharmacol},
  year    = {2018},
  volume  = {32},
  number  = {1},
  pages   = {89--95},
  doi     = {10.1177/0269881117722997}
}

@article{Harada2013,
  author  = {Harada, C.N. and Love, M.C.N. and Triebel, K.},
  title   = {Normal Cognitive Aging},
  journal = {Clin Geriatr Med.},
  year    = {2013},
  volume  = {29},
  number  = {4},
  pages   = {737--752},
  url     = {https://www.ncbi.nlm.nih.gov/pmc/articles/PMC4015335/}
}

@article{James2014,
  author  = {James, J.E.},
  title   = {Caffeine and cognitive performance: persistent methodological challenges in caffeine research},
  journal = {Pharmacology, Biochemistry, and Behavior},
  year    = {2014},
  volume  = {124},
  pages   = {117--122},
  doi     = {10.1016/j.pbb.2014.05.019}
}

@article{Liguori1997,
  author  = {Liguori, A. and Hughes, J. R. and Grass, J. A.},
  title   = {Absorption and Subjective Effects of Caffeine from Coffee, Cola and Capsules},
  journal = {Pharmacology, Biochemistry and Behavior},
  year    = {1997},
  volume  = {58},
  number  = {3},
  pages   = {721--726},
  doi     = {10.1016/S0091-3057(97)00003-8}
}

@article{Ruijter2000,
  author  = {Ruijter, J. and Lorist, M.M. and Snel, J. and De Ruiter, M.B.},
  title   = {The Influence of Caffeine on Sustained Attention: An \uppercase{ERP} Study},
  journal = {Pharmacology Biochemistry and Behavior},
  year    = {2000},
  volume  = {66},
  number  = {1},
  pages   = {29--37},
  doi     = {10.1016/S0091-3057(00)00229-X}
}

@article{Stepan2021,
  author  = {Stepan, M. E. and Altmann, E. M. and Fenn, K. M.},
  title   = {Caffeine selectively mitigates cognitive deficits caused by sleep deprivation},
  journal = {Journal of Experimental Psychology: Learning, Memory, and Cognition},
  year    = {2021},
  volume  = {47},
  number  = {9},
  pages   = {1371--1382},
  doi     = {10.1037/xlm0001023}
}
